@misc{ich2021,
	author 	= {PRO, ICH},
	title 	= {A arquitetura Node.js!},
	year 		= {2021},
	url 		= {https://ichi.pro/pt/a-arquitetura-node-js-273151920946386}
}

@misc{moziladev2022,
  author = {Mozila Developers},
  title = {Introdução ao DOM},
  year = {2022},
  note = {Last accessed 14 March 2022},
  url = {https://developer.mozilla.org/pt-BR/docs/Web/API/Document_Object_Model/Introduction}
}